@inproceedings{jellyfish,
 author = {Singla, Ankit and Hong, Chi-Yao and Popa, Lucian and Godfrey, P. Brighten},
 title = {Jellyfish: networking data centers randomly},
 booktitle = {Proceedings of the 9th USENIX conference on Networked Systems Design and Implementation},
 series = {NSDI'12},
 year = {2012},
 location = {San Jose, CA},
 pages = {17--17},
 numpages = {1},
 url = {http://dl.acm.org/citation.cfm?id=2228298.2228322},
 acmid = {2228322},
 publisher = {USENIX Association},
 address = {Berkeley, CA, USA},
} 

@inproceedings{fattree,
 author = {Al-Fares, Mohammad and Loukissas, Alexander and Vahdat, Amin},
 title = {A scalable, commodity data center network architecture},
 booktitle = {Proceedings of the ACM SIGCOMM 2008 conference on Data communication},
 series = {SIGCOMM '08},
 year = {2008},
 isbn = {978-1-60558-175-0},
 location = {Seattle, WA, USA},
 pages = {63--74},
 numpages = {12},
 url = {http://doi.acm.org/10.1145/1402958.1402967},
 doi = {10.1145/1402958.1402967},
 acmid = {1402967},
 publisher = {ACM},
 address = {New York, NY, USA},
 keywords = {data center topology, equal-cost routing},
} 